<record><leader>00000cas a22000007a 4500</leader><controlfield tag="001">16812409</controlfield><controlfield tag="008">871005d19711973paucr ne      0    0eng d</controlfield><datafield ind1=" " ind2=" " tag="010"><subfield code="a">sn 87078381 </subfield></datafield><datafield ind1=" " ind2=" " tag="040"><subfield code="a">NPH</subfield><subfield code="b">eng</subfield><subfield code="c">NPH</subfield><subfield code="d">NSD</subfield><subfield code="d">OCLCQ</subfield></datafield><datafield ind1=" " ind2=" " tag="042"><subfield code="a">msc</subfield></datafield><datafield ind1="0" ind2=" " tag="130"><subfield code="a">Pike-Wayne eagle (Hawley, Pa. : 1971)</subfield></datafield><datafield ind1="1" ind2="4" tag="245"><subfield code="a">The Pike-Wayne eagle.</subfield></datafield><datafield ind1=" " ind2=" " tag="260"><subfield code="a">Hawley, Pa. :</subfield><subfield code="b">Dyson Publications,</subfield><subfield code="c">1971-1973.</subfield></datafield><datafield ind1=" " ind2=" " tag="300"><subfield code="a">2 v. :</subfield><subfield code="b">ill. ;</subfield><subfield code="c">55 cm.</subfield></datafield><datafield ind1=" " ind2=" " tag="310"><subfield code="a">Semiweekly</subfield></datafield><datafield ind1="0" ind2=" " tag="362"><subfield code="a">Vol. 5, no. 43 (May 5, 1971)-v. 7, no. 55/56 (Jan 31, 1973).</subfield></datafield><datafield ind1=" " ind2=" " tag="500"><subfield code="a">Published Wednesday and Saturday mornings.</subfield></datafield><datafield ind1=" " ind2=" " tag="500"><subfield code="a">Editor: John C. Dyson, Jr.</subfield></datafield><datafield ind1=" " ind2=" " tag="752"><subfield code="a">United States</subfield><subfield code="b">Pennsylvania</subfield><subfield code="c">Wayne</subfield><subfield code="d">Hawley.</subfield></datafield><datafield ind1=" " ind2=" " tag="752"><subfield code="a">United States</subfield><subfield code="b">Pennsylvania</subfield><subfield code="c">Wayne</subfield><subfield code="d">Honesdale.</subfield></datafield><datafield ind1="0" ind2="0" tag="780"><subfield code="t">Pike-Wayne eagle and the citizen-times (Hawley, Pa. : 1970)</subfield><subfield code="w">(OCoLC)15355861</subfield></datafield><datafield ind1="0" ind2="7" tag="785"><subfield code="t">News-times (Narrowsburg, N.Y.)</subfield><subfield code="w">(DLC)sn 87080499</subfield></datafield><datafield ind1="0" ind2="7" tag="785"><subfield code="t">News-eagle</subfield><subfield code="x">1052-4460</subfield><subfield code="w">(DLC)sn 87080497</subfield></datafield><datafield ind1="1" ind2=" " tag="029"><subfield code="a">AU@</subfield><subfield code="b">000025806685</subfield></datafield></record>